@Article{Liu:2012,
  author =       {Liu, X and Liu, B and Huang, Z and Shi, T and
                 Chen, Y and Zhang, J},
  title =        {SPPS: a sequence-based method for predicting
                 probability of protein-protein interaction
                 partners.},
  journal =      {PLoS One},
  year =         {2012},
  month =        {},
  number =       {1},
  volume =       {7},
  pages =        {e30938},
  doi =          {10.1371/journal.pone.0030938},
  PMID =         {22292078}}

@Article{Perovic:2017,
  author =       {Perovic, V and Sumonja, N and Gemovic, B and
                 Toska, E and Roberts, S G and Veljkovic, N},
  title =        {TRI\_tool: a web-tool for prediction of
                 protein-protein interactions in human
                 transcriptional regulation.},
  journal =      {Bioinformatics},
  year =         {2017},
  month =        {01},
  number =       {2},
  volume =       {33},
  pages =        {289-291},
  doi =          {10.1093/bioinformatics/btw590},
  PMID =         {27605104}}

@Article{Pan:2010,
  author =       {Pan, X Y and Zhang, Y N and Shen, H B},
  title =        {Large-scale prediction of human protein-protein
                 interactions from amino acid sequence based on
                 latent topic features.},
  journal =      {J Proteome Res},
  year =         {2010},
  month =        {Oct},
  number =       {10},
  volume =       {9},
  pages =        {4992-5001},
  doi =          {10.1021/pr100618t},
  PMID =         {20698572}}

@Article{Pawson:2004,
  author =       {Pawson, T},
  title =        {Specificity in signal transduction: from
                 phosphotyrosine-SH2 domain interactions to complex
                 cellular systems.},
  journal =      {Cell},
  year =         {2004},
  month =        {Jan},
  number =       {2},
  volume =       {116},
  pages =        {191-203},
  doi =          {},
  PMID =         {14744431}}

@Article{Martin:2005,
  author =       {Martin, S and Roe, D and Faulon, J L},
  title =        {Predicting protein-protein interactions using
                 signature products.},
  journal =      {Bioinformatics},
  year =         {2005},
  month =        {Jan},
  number =       {2},
  volume =       {21},
  pages =        {218-26},
  doi =          {10.1093/bioinformatics/bth483},
  PMID =         {15319262}}

@Article{Shen:2007,
  author =       {Shen, J and Zhang, J and Luo, X and Zhu, W and Yu,
                 K and Chen, K and Li, Y and Jiang, H},
  title =        {Predicting protein-protein interactions based only
                 on sequences information.},
  journal =      {Proc Natl Acad Sci U S A},
  year =         {2007},
  month =        {Mar},
  number =       {11},
  volume =       {104},
  pages =        {4337-41},
  doi =          {10.1073/pnas.0607879104},
  PMID =         {17360525}}

@Article{Pazos:2001,
  author =       {Pazos, F and Valencia, A},
  title =        {Similarity of phylogenetic trees as indicator of
                 protein-protein interaction.},
  journal =      {Protein Eng},
  year =         {2001},
  month =        {Sep},
  number =       {9},
  volume =       {14},
  pages =        {609-14},
  doi =          {},
  PMID =         {11707606}}

@Article{Barker:2005,
  author =       {Barker, D and Pagel, M},
  title =        {Predicting functional gene links from
                 phylogenetic-statistical analyses of whole
                 genomes.},
  journal =      {PLoS Comput Biol},
  year =         {2005},
  month =        {Jun},
  number =       {1},
  volume =       {1},
  pages =        {e3},
  doi =          {10.1371/journal.pcbi.0010003},
  PMID =         {16103904}}

@Article{Yook:2004,
  author =       {Yook, S H and Oltvai, Z N and Barab√°si, A L},
  title =        {Functional and topological characterization of
                 protein interaction networks.},
  journal =      {Proteomics},
  year =         {2004},
  month =        {Apr},
  number =       {4},
  volume =       {4},
  pages =        {928-42},
  doi =          {10.1002/pmic.200300636},
  PMID =         {15048975}}

@Article{Clauset:2008,
  author =       {Clauset, A and Moore, C and Newman, M E},
  title =        {Hierarchical structure and the prediction of
                 missing links in networks.},
  journal =      {Nature},
  year =         {2008},
  month =        {May},
  number =       {7191},
  volume =       {453},
  pages =        {98-101},
  doi =          {10.1038/nature06830},
  PMID =         {18451861}}

@Article{Szklarczyk:2011,
  author =       {Szklarczyk, D and Franceschini, A and Kuhn, M and
                 Simonovic, M and Roth, A and Minguez, P and
                 Doerks, T and Stark, M and Muller, J and Bork, P
                 and Jensen, L J and von Mering, C},
  title =        {The STRING database in 2011: functional
                 interaction networks of proteins, globally
                 integrated and scored.},
  journal =      {Nucleic Acids Res},
  year =         {2011},
  month =        {Jan},
  number =       {Database issue},
  volume =       {39},
  pages =        {D561-8},
  doi =          {10.1093/nar/gkq973},
  PMID =         {21045058}}

@Article{McDowall:2009,
  author =       {McDowall, M D and Scott, M S and Barton, G J},
  title =        {PIPs: human protein-protein interaction prediction
                 database.},
  journal =      {Nucleic Acids Res},
  year =         {2009},
  month =        {Jan},
  number =       {Database issue},
  volume =       {37},
  pages =        {D651-6},
  doi =          {10.1093/nar/gkn870},
  PMID =         {18988626}}

@Article{Ofran:2003,
  author =       {Ofran, Y and Rost, B},
  title =        {Predicted protein-protein interaction sites from
                 local sequence information.},
  journal =      {FEBS Lett},
  year =         {2003},
  month =        {Jun},
  number =       {1-3},
  volume =       {544},
  pages =        {236-9},
  doi =          {},
  PMID =         {12782323}}

@Article{Betel:2007,
  author =       {Betel, D and Breitkreuz, K E and Isserlin, R and
                 Dewar-Darch, D and Tyers, M and Hogue, C W},
  title =        {Structure-templated predictions of novel protein
                 interactions from sequence information.},
  journal =      {PLoS Comput Biol},
  year =         {2007},
  month =        {Sep},
  number =       {9},
  volume =       {3},
  pages =        {1783-9},
  doi =          {10.1371/journal.pcbi.0030182},
  PMID =         {17892321}}

@Article{Eisenberg:1984,
  author =       {Eisenberg, D and Schwarz, E and Komaromy, M and
                 Wall, R},
  title =        {Analysis of membrane and surface protein sequences
                 with the hydrophobic moment plot.},
  journal =      {J Mol Biol},
  year =         {1984},
  month =        {Oct},
  number =       {1},
  volume =       {179},
  pages =        {125-42},
  doi =          {},
  PMID =         {6502707}}

@Article{Grantham:1974,
  author =       {Grantham, R},
  title =        {Amino acid difference formula to help explain
                 protein evolution.},
  journal =      {Science},
  year =         {1974},
  month =        {Sep},
  number =       {4154},
  volume =       {185},
  pages =        {862-4},
  doi =          {},
  PMID =         {4843792}}

@Article{Hopp:1981,
  author =       {Hopp, T P and Woods, K R},
  title =        {Prediction of protein antigenic determinants from
                 amino acid sequences.},
  journal =      {Proc Natl Acad Sci U S A},
  year =         {1981},
  month =        {Jun},
  number =       {6},
  volume =       {78},
  pages =        {3824-8},
  doi =          {},
  PMID =         {6167991}}

@Article{Rose:1985,
  author =       {Rose, G D and Geselowitz, A R and Lesser, G J and
                 Lee, R H and Zehfus, M H},
  title =        {Hydrophobicity of amino acid residues in globular
                 proteins.},
  journal =      {Science},
  year =         {1985},
  month =        {Aug},
  number =       {4716},
  volume =       {229},
  pages =        {834-8},
  doi =          {},
  PMID =         {4023714}}

@Article{Charton:1982,
  author =       {Charton, M and Charton, B I},
  title =        {The structural dependence of amino acid
                 hydrophobicity parameters.},
  journal =      {J Theor Biol},
  year =         {1982},
  month =        {Dec},
  number =       {4},
  volume =       {99},
  pages =        {629-44},
  doi =          {},
  PMID =         {7183857}}

@Article{Krigbaum:1979,
  author =       {Krigbaum, W R and Komoriya, A},
  title =        {Local interactions as a structure determinant for
                 protein molecules: II.},
  journal =      {Biochim Biophys Acta},
  year =         {1979},
  month =        {Jan},
  number =       {1},
  volume =       {576},
  pages =        {204-48},
  doi =          {},
  PMID =         {760806}}

@Article{Zhou:2006,

  author =       {Zhou, P and Tian, F.-F and Li, B and Wu, S.-R and Li, Z.-L},
  year =         {2006},
  month =        {04},
  pages =        {691-697},
  title =        {Genetic algorithm-based virtual screening of combinative mode for peptide/protein},
  volume =       {64},
  booktitle =    {Acta Chimica Sinica}}
@Article{Ding:2016,
  author =       {Ding, Y and Tang, J and Guo, F},
  title =        {Predicting protein-protein interactions via
                 multivariate mutual information of protein
                 sequences.},
  journal =      {BMC Bioinformatics},
  year =         {2016},
  month =        {Sep},
  number =       {1},
  volume =       {17},
  pages =        {398},
  doi =          {10.1186/s12859-016-1253-9},
  PMID =         {27677692}}

@Article{Bock:2001,
  author =       {Bock, J R and Gough, D A},
  title =        {Predicting protein--protein interactions from
                 primary structure.},
  journal =      {Bioinformatics},
  year =         {2001},
  month =        {May},
  number =       {5},
  volume =       {17},
  pages =        {455-60},
  doi =          {},
  PMID =         {11331240}}

@Article{Bock:2003,
  author =       {Bock, J R and Gough, D A},
  title =        {Whole-proteome interaction mining.},
  journal =      {Bioinformatics},
  year =         {2003},
  month =        {Jan},
  number =       {1},
  volume =       {19},
  pages =        {125-34},
  doi =          {},
  PMID =         {12499302}}

@Article{Ding:2001,
  author =       {Ding, C H and Dubchak, I},
  title =        {Multi-class protein fold recognition using support
                 vector machines and neural networks.},
  journal =      {Bioinformatics},
  year =         {2001},
  month =        {Apr},
  number =       {4},
  volume =       {17},
  pages =        {349-58},
  doi =          {},
  PMID =         {11301304}}

@Article{Cai:2003,
  author =       {Cai, C Z and Han, L Y and Ji, Z L and Chen, X and
                 Chen, Y Z},
  title =        {SVM-Prot: Web-based support vector machine
                 software for functional classification of a
                 protein from its primary sequence.},
  journal =      {Nucleic Acids Res},
  year =         {2003},
  month =        {Jul},
  number =       {13},
  volume =       {31},
  pages =        {3692-7},
  doi =          {},
  PMID =         {12824396}}

@Article{Salwinski:2004,
  author =       {Salwinski, L and Miller, C S and Smith, A J and
                 Pettit, F K and Bowie, J U and Eisenberg, D},
  title =        {The Database of Interacting Proteins: 2004 update.},
  journal =      {Nucleic Acids Res},
  year =         {2004},
  month =        {Jan},
  number =       {Database issue},
  volume =       {32},
  pages =        {D449-51},
  doi =          {10.1093/nar/gkh086},
  PMID =         {14681454}}

@Article{Keshava_Prasad:2009,
  author =       {Keshava Prasad, T S and Goel, R and Kandasamy, K
                 and Keerthikumar, S and Kumar, S and Mathivanan, S
                 and Telikicherla, D and Raju, R and Shafreen, B
                 and Venugopal, A and Balakrishnan, L and
                 Marimuthu, A and Banerjee, S and Somanathan, D S
                 and Sebastian, A and Rani, S and Ray, S and Harrys
                 Kishore, C J and Kanth, S and Ahmed, M and
                 Kashyap, M K and Mohmood, R and Ramachandra, Y L
                 and Krishna, V and Rahiman, B A and Mohan, S and
                 Ranganathan, P and Ramabadran, S and Chaerkady, R
                 and Pandey, A},
  title =        {Human Protein Reference Database--2009 update.},
  journal =      {Nucleic Acids Res},
  year =         {2009},
  month =        {Jan},
  number =       {Database issue},
  volume =       {37},
  pages =        {D767-72},
  doi =          {10.1093/nar/gkn892},
  PMID =         {18988627}}

@Article{Berman:2000,
  author =       {Berman, H M and Westbrook, J and Feng, Z and
                 Gilliland, G and Bhat, T N and Weissig, H and
                 Shindyalov, I N and Bourne, P E},
  title =        {The Protein Data Bank.},
  journal =      {Nucleic Acids Res},
  year =         {2000},
  month =        {Jan},
  number =       {1},
  volume =       {28},
  pages =        {235-42},
  doi =          {},
  PMID =         {10592235}}

@Article{Blohm:2014,
  author =       {Blohm, P and Frishman, G and Smialowski, P and
                 Goebels, F and Wachinger, B and Ruepp, A and
                 Frishman, D},
  title =        {Negatome 2.0: a database of non-interacting
                 proteins derived by literature mining, manual
                 annotation and protein structure analysis.},
  journal =      {Nucleic Acids Res},
  year =         {2014},
  month =        {Jan},
  number =       {Database issue},
  volume =       {42},
  pages =        {D396-400},
  doi =          {10.1093/nar/gkt1079},
  PMID =         {24214996}}

@Article{Chen:2011,
  author =       {Chen, X W and Jeong, J C and Dermyer, P},
  title =        {KUPS: constructing datasets of interacting and
                 non-interacting protein pairs with associated
                 attributions.},
  journal =      {Nucleic Acids Res},
  year =         {2011},
  month =        {Jan},
  number =       {Database issue},
  volume =       {39},
  pages =        {D750-4},
  doi =          {10.1093/nar/gkq943},
  PMID =         {20952400}}

@Article{Licata:2012,
  author =       {Licata, L and Briganti, L and Peluso, D and
                 Perfetto, L and Iannuccelli, M and Galeota, E and
                 Sacco, F and Palma, A and Nardozza, A P and
                 Santonico, E and Castagnoli, L and Cesareni, G},
  title =        {MINT, the molecular interaction database: 2012
                 update.},
  journal =      {Nucleic Acids Res},
  year =         {2012},
  month =        {Jan},
  number =       {Database issue},
  volume =       {40},
  pages =        {D857-61},
  doi =          {10.1093/nar/gkr930},
  PMID =         {22096227}}

@Article{Orchard:2014,
  author =       {Orchard, S and Ammari, M and Aranda, B and Breuza,
                 L and Briganti, L and Broackes-Carter, F and
                 Campbell, N H and Chavali, G and Chen, C and
                 del-Toro, N and Duesbury, M and Dumousseau, M and
                 Galeota, E and Hinz, U and Iannuccelli, M and
                 Jagannathan, S and Jimenez, R and Khadake, J and
                 Lagreid, A and Licata, L and Lovering, R C and
                 Meldal, B and Melidoni, A N and Milagros, M and
                 Peluso, D and Perfetto, L and Porras, P and
                 Raghunath, A and Ricard-Blum, S and Roechert, B
                 and Stutz, A and Tognolli, M and van Roey, K and
                 Cesareni, G and Hermjakob, H},
  title =        {The MIntAct project--IntAct as a common curation
                 platform for 11 molecular interaction databases.},
  journal =      {Nucleic Acids Res},
  year =         {2014},
  month =        {Jan},
  number =       {Database issue},
  volume =       {42},
  pages =        {D358-63},
  doi =          {10.1093/nar/gkt1115},
  PMID =         {24234451}}

